<?xml version="1.0" encoding="UTF-8"?><collection xmlns="http://www.loc.gov/MARC21/slim"><record><leader>00593nam--2200169-i-4500</leader><controlfield tag="001">000009040</controlfield><controlfield tag="002">20161230</controlfield><controlfield tag="005">20170225105017</controlfield><controlfield tag="008">060222s1000------------r-----000-0-eng-d</controlfield><datafield ind1=" " ind2=" " tag="100"><subfield code="a">Cristescu, Matei</subfield></datafield><datafield ind1=" " ind2=" " tag="245"><subfield code="a">Materiale electroizolante stratificate pe baza de tesaturi de sticla si rasini poliesterice nesaturate</subfield></datafield><datafield ind1=" " ind2=" " tag="260"><subfield code="a">Bucuresti</subfield><subfield code="b">Cons.Nat.Al Ing.Si Tehn</subfield><subfield code="c">1969</subfield></datafield><datafield ind1=" " ind2=" " tag="300"><subfield code="a">20 p</subfield></datafield><datafield ind1=" " ind2=" " tag="490"><subfield code="a">A Doua Conferinta A Electricienilor. VII. Sectia Teorie, Materiale Si Masurari Electrice</subfield></datafield><datafield ind1=" " ind2=" " tag="700"><subfield code="a">Ivanceanu, E</subfield></datafield><datafield ind1=" " ind2=" " tag="852"><subfield code="a">621.315.6:678.674:666-426</subfield></datafield><datafield ind1=" " ind2=" " tag="CAT"><subfield code="a">SYS</subfield><subfield code="c">20170225</subfield><subfield code="h">105017</subfield></datafield></record></collection>